@inproceedings{chen2016xgboost,
  title={Xgboost: A scalable tree boosting system},
  author={Chen, Tianqi and Guestrin, Carlos},
  booktitle={Proceedings of the 22nd acm sigkdd international conference on knowledge discovery and data mining},
  pages={785--794},
  year={2016}
}

@article{pedregosa2011scikit,
  title={Scikit-learn: Machine learning in Python},
  author={Pedregosa, Fabian and Varoquaux, Ga{"e}l and Gramfort, Alexandre and Michel, Vincent and Thirion, Bertrand and Grisel, Olivier and Blondel, Mathieu and Prettenhofer, Peter and Weiss, Ron and Dubourg, Vincent and others},
  journal={Journal of machine learning research},
  volume={12},
  number={Oct},
  pages={2825--2830},
  year={2011}
}

@misc{fastapi,
  title = {{FastAPI}},
  howpublished = {\url{https://fastapi.tiangolo.com/}},
  note = {Accessed: 2025-04-28}
}

@misc{react,
  title = {{React â€“ A JavaScript library for building user interfaces}},
  howpublished = {\url{https://reactjs.org/}},
  note = {Accessed: 2025-04-28}
}

@inproceedings{typescript,
  title={Understanding TypeScript},
  author={Bierman, Gavin and Abadi, Mart{\'\i}n and Torgersen, Mads},
  booktitle={ECOOP 2014--Object-Oriented Programming},
  pages={257--281},
  year={2014},
  organization={Springer}
}


@misc{tailwindcss,
  title = {Tailwind CSS},
  howpublished = {\url{https://tailwindcss.com/}},
  note = {Accessed: 2025-05-01}
}

@misc{shadcnui,
  title = {shadcn/ui},
  howpublished = {\url{https://ui.shadcn.com}},
  note = {Accessed: 2025-05-01}
}

@manual{postgresql,
  title        = {PostgreSQL Documentation},
  author       = {{The PostgreSQL Global Development Group}},
  year         = {2025},
  organization = {The PostgreSQL Global Development Group},
  note         = {Version 17.4, accessed 2025-05-01},
  url          = {https://www.postgresql.org/docs/current/}
}

@manual{supabase,
  title        = {Supabase Documentation},
  author       = {{Supabase}},
  year         = {2025},
  note         = {Accessed: 2025-05-01},
  url          = {https://supabase.com/docs}
}

@article{docker,
  title={Docker: Lightweight Linux Containers for Consistent Development and Deployment},
  author={Merkel, Dirk},
  journal={Linux Journal},
  volume={2014},
  number={239},
  pages={2},
  year={2014},
  publisher={Linux New Media USA, LLC}
}

@article{cox1958regression,
  title={The regression analysis of binary sequences},
  author={Cox, David R},
  journal={Journal of the Royal Statistical Society: Series B (Methodological)},
  volume={20},
  number={2},
  pages={215--232},
  year={1958},
  publisher={Wiley Online Library}
}

@article{cortes1995support,
  title={Support-vector networks},
  author={Cortes, Corinna and Vapnik, Vladimir},
  journal={Machine Learning},
  volume={20},
  number={3},
  pages={273--297},
  year={1995},
  publisher={Springer}
}

@article{Patel_2018,
  author = {Harsh H. Patel and Purvi Prajapati},
  title = {Study and Analysis of Decision Tree Based Classification Algorithms},
  journal = {International Journal of Computer Sciences and Engineering},
  volume = {6},
  number = {10},
  pages = {74-78},
  year = {2018},
  issn = {2347-2693},
  url = {https://www.ijcseonline.org/full_paper_view.php?paper_id=2984},
  doi = {10.26438/ijcse/v6i10.7478},
  publisher = {IJCSE, Indore, INDIA}
}

@article{breiman2001random,
  title={Random forests},
  author={Breiman, Leo},
  journal={Machine Learning},
  volume={45},
  number={1},
  pages={5--32},
  year={2001},
  publisher={Springer}
}

@article{2000_Frank,
  author = {Eibe Frank and Leonard Trigg and Geoffrey Holmes and Ian H. Witten},
  title = {Technical Note: Naive Bayes for Regression},
  journal = {Machine Learning},
  year = {2000},
  volume = {41},
  number = {1},
  pages = {5--25},
  publisher = {Springer Nature},
  url = {https://doi.org/10.1023/a:1007670802811},
  doi = {10.1023/a:1007670802811}
}

@article{friedman2001greedy,
  title={Greedy function approximation: A gradient boosting machine},
  author={Friedman, Jerome H.},
  journal={Annals of Statistics},
  volume={29},
  number={5},
  pages={1189--1232},
  year={2001},
  publisher={Institute of Mathematical Statistics}
}
